@misc{vaswani2023attentionneed,
      title={Attention Is All You Need}, 
      author={Ashish Vaswani and Noam Shazeer and Niki Parmar and Jakob Uszkoreit and Llion Jones and Aidan N. Gomez and Lukasz Kaiser and Illia Polosukhin},
      year={2017},
      eprint={1706.03762},
      archivePrefix={arXiv},
      primaryClass={cs.CL},
      url={https://arxiv.org/abs/1706.03762}, 
}

@book{doe2024proof,
  author    = {Jane Doe},
  title     = {The Comprehensive Guide to Proving {X}},
  year      = {2024},
  publisher = {Fictional Academic Press},
  edition   = {2nd},
  volume    = {3},
  isbn      = {123-4567890123},
  address   = {Springfield}
}

@inproceedings{smith2023conference,
  author    = {John Smith and Alice Johnson},
  title     = {Proof Techniques for {X}},
  booktitle = {Proceedings of the International Symposium on Incorrect Proofs},
  year      = {2023},
  pages     = {45-58},
  publisher = {Symposium Publications},
  address   = {Atlantis},
  doi       = {10.1234/symp2023.45}
}

@techreport{brown2022techreport,
  author    = {Emily Brown},
  title     = {A Technical Report on Novel Proofs for {X}},
  institution = {Hypothetical Research Institute},
  year      = {2022},
  number    = {TR-2022-09},
  address   = {Eureka}
}

@article{lee2023journal,
  author    = {Michael Lee and Sarah Green},
  title     = {A Comprehensive Study on the Validity of {X}},
  journal   = {Journal of Hypothetical Studies},
  year      = {2023},
  volume    = {15},
  number    = {4},
  pages     = {123-145},
  month     = {July},
  doi       = {10.5678/jhs.2023.154.123}
}

@book{zobel2004,
  author = {Justin Zobel},
  title = {Writing for Computer Science},
  year = {2004},
  publisher = {Springer London},
  edition = {2nd},
  doi = {https://doi.org/10.1007/978-0-85729-422-7},
}


@book{zobel2014,
  author = {Justin Zobel},
  title = {Writing for Computer Science},
  year = {2014},
  publisher = {Springer London},
  edition = {3rd},
  doi = {https://doi.org/10.1007/978-1-4471-6639-9},
}

@inproceedings{baccianella-etal-2010-sentiwordnet,
    title = "{S}enti{W}ord{N}et 3.0: An Enhanced Lexical Resource for Sentiment Analysis and Opinion Mining",
    author = "Baccianella, Stefano  and
      Esuli, Andrea  and
      Sebastiani, Fabrizio",
    editor = "Calzolari, Nicoletta  and
      Choukri, Khalid  and
      Maegaard, Bente  and
      Mariani, Joseph  and
      Odijk, Jan  and
      Piperidis, Stelios  and
      Rosner, Mike  and
      Tapias, Daniel",
    booktitle = "Proceedings of the Seventh International Conference on Language Resources and Evaluation ({LREC}`10)",
    month = may,
    year = "2010",
    address = "Valletta, Malta",
    publisher = "European Language Resources Association (ELRA)",
    url = "https://aclanthology.org/L10-1531/"
}

@inproceedings{Mikolov:2010wx,
  added-at = {2019-05-21T10:10:49.000+0200},
  author = {Mikolov, Tomas and Karafi{\'a}t, Martin and Burget, Luk{\'a}s and Cernock{\'{y}}, Jan and Khudanpur, Sanjeev},
  biburl = {https://www.bibsonomy.org/bibtex/278d2617b9b9829b5476450bd4d1200b1/sxkdz},
  booktitle = {Proceedings of the 11th Annual Conference of the International Speech Communication Association},
  interhash = {245d1279b03856348523ebefda4cac10},
  intrahash = {78d2617b9b9829b5476450bd4d1200b1},
  keywords = {imported},
  location = {Makuhari, Chiba, Japan},
  pages = {1045--1048},
  publisher = {ISCA},
  series = {INTERSPEECH 2010},
  timestamp = {2019-05-21T10:10:49.000+0200},
  title = {{Recurrent Neural Network Based Language Model}},
  url = {http://www.isca-speech.org/archive/interspeech_2010/i10_1045.html},
  year = 2010
}

@article{10.1162/neco.1997.9.8.1735,
author = {Hochreiter, Sepp and Schmidhuber, J\"{u}rgen},
title = {Long Short-Term Memory},
year = {1997},
issue_date = {November 15, 1997},
publisher = {MIT Press},
address = {Cambridge, MA, USA},
volume = {9},
number = {8},
issn = {0899-7667},
url = {https://doi.org/10.1162/neco.1997.9.8.1735},
doi = {10.1162/neco.1997.9.8.1735},
journal = {Neural Comput.},
month = nov,
pages = {1735–1780},
numpages = {46}
}

@ARTICLE{279181,
  author={Bengio, Y. and Simard, P. and Frasconi, P.},
  journal={IEEE Transactions on Neural Networks}, 
  title={Learning long-term dependencies with gradient descent is difficult}, 
  year={1994},
  volume={5},
  number={2},
  pages={157-166},
  keywords={Recurrent neural networks;Production;Delay effects;Intelligent networks;Neural networks;Discrete transforms;Computer networks;Cost function;Neurofeedback;Displays},
  doi={10.1109/72.279181}}

@misc{cho2014learningphraserepresentationsusing,
      title={Learning Phrase Representations using RNN Encoder-Decoder for Statistical Machine Translation}, 
      author={Kyunghyun Cho and Bart van Merrienboer and Caglar Gulcehre and Dzmitry Bahdanau and Fethi Bougares and Holger Schwenk and Yoshua Bengio},
      year={2014},
      eprint={1406.1078},
      archivePrefix={arXiv},
      primaryClass={cs.CL},
      url={https://arxiv.org/abs/1406.1078}, 
}

@INPROCEEDINGS{1556215,
  author={Graves, A. and Schmidhuber, J.},
  booktitle={Proceedings. 2005 IEEE International Joint Conference on Neural Networks, 2005.}, 
  title={Framewise phoneme classification with bidirectional LSTM networks}, 
  year={2005},
  volume={4},
  number={},
  pages={2047-2052 vol. 4},
  keywords={Speech recognition;Recurrent neural networks;Electronic mail;Databases;Acoustic measurements;Neural networks;Hidden Markov models;Memory architecture;Error correction;Data analysis},
  doi={10.1109/IJCNN.2005.1556215}}

@inproceedings{kim-2014-convolutional,
    title = "Convolutional Neural Networks for Sentence Classification",
    author = "Kim, Yoon",
    editor = "Moschitti, Alessandro  and
      Pang, Bo  and
      Daelemans, Walter",
    booktitle = "Proceedings of the 2014 Conference on Empirical Methods in Natural Language Processing ({EMNLP})",
    month = oct,
    year = "2014",
    address = "Doha, Qatar",
    publisher = "Association for Computational Linguistics",
    url = "https://aclanthology.org/D14-1181/",
    doi = "10.3115/v1/D14-1181",
    pages = "1746--1751"
}

@inproceedings{10.5555/2999134.2999257,
author = {Krizhevsky, Alex and Sutskever, Ilya and Hinton, Geoffrey E.},
title = {ImageNet classification with deep convolutional neural networks},
year = {2012},
publisher = {Curran Associates Inc.},
address = {Red Hook, NY, USA},
booktitle = {Proceedings of the 26th International Conference on Neural Information Processing Systems - Volume 1},
pages = {1097–1105},
numpages = {9},
location = {Lake Tahoe, Nevada},
series = {NIPS'12}
}

@article{Bahdanau2014NeuralMT,
  title={Neural Machine Translation by Jointly Learning to Align and Translate},
  author={Dzmitry Bahdanau and Kyunghyun Cho and Yoshua Bengio},
  journal={CoRR},
  year={2014},
  volume={abs/1409.0473},
  url={https://api.semanticscholar.org/CorpusID:11212020}
}

@article{DBLP:journals/corr/abs-1810-04805,
  author       = {Jacob Devlin and
                  Ming{-}Wei Chang and
                  Kenton Lee and
                  Kristina Toutanova},
  title        = {{BERT:} Pre-training of Deep Bidirectional Transformers for Language
                  Understanding},
  journal      = {CoRR},
  volume       = {abs/1810.04805},
  year         = {2018},
  url          = {http://arxiv.org/abs/1810.04805},
  eprinttype    = {arXiv},
  eprint       = {1810.04805},
  timestamp    = {Tue, 30 Oct 2018 20:39:56 +0100},
  biburl       = {https://dblp.org/rec/journals/corr/abs-1810-04805.bib},
  bibsource    = {dblp computer science bibliography, https://dblp.org}
}

@inproceedings{Radford2018ImprovingLU,
  title={Improving Language Understanding by Generative Pre-Training},
  author={Alec Radford and Karthik Narasimhan},
  year={2018},
  url={https://api.semanticscholar.org/CorpusID:49313245}
}

@article{DBLP:journals/corr/abs-1907-11692,
  author       = {Yinhan Liu and
                  Myle Ott and
                  Naman Goyal and
                  Jingfei Du and
                  Mandar Joshi and
                  Danqi Chen and
                  Omer Levy and
                  Mike Lewis and
                  Luke Zettlemoyer and
                  Veselin Stoyanov},
  title        = {RoBERTa: {A} Robustly Optimized {BERT} Pretraining Approach},
  journal      = {CoRR},
  volume       = {abs/1907.11692},
  year         = {2019},
  url          = {http://arxiv.org/abs/1907.11692},
  eprinttype    = {arXiv},
  eprint       = {1907.11692},
  timestamp    = {Thu, 14 Dec 2023 18:03:41 +0100},
  biburl       = {https://dblp.org/rec/journals/corr/abs-1907-11692.bib},
  bibsource    = {dblp computer science bibliography, https://dblp.org}
}



@inproceedings{zhu_weaker_2023,
	address = {Toronto, Canada},
	title = {Weaker {Than} {You} {Think}: {A} {Critical} {Look} at {Weakly} {Supervised} {Learning}},
	shorttitle = {Weaker {Than} {You} {Think}},
	url = {https://aclanthology.org/2023.acl-long.796},
	doi = {10.18653/v1/2023.acl-long.796},
	urldate = {2024-11-06},
	booktitle = {Proceedings of the 61st {Annual} {Meeting} of the {Association} for {Computational} {Linguistics} ({Volume} 1: {Long} {Papers})},
	publisher = {Association for Computational Linguistics},
	author = {Zhu, Dawei and Shen, Xiaoyu and Mosbach, Marius and Stephan, Andreas and Klakow, Dietrich},
	editor = {Rogers, Anna and Boyd-Graber, Jordan and Okazaki, Naoaki},
	month = jul,
	year = {2023},
	pages = {14229--14253},
	file = {Full Text PDF:/Users/pranavtyagi/Zotero/storage/GUQIQUZG/Zhu et al. - 2023 - Weaker Than You Think A Critical Look at Weakly Supervised Learning.pdf:application/pdf},
}


@misc{xie_self-training_2020,
	title = {Self-training with {Noisy} {Student} improves {ImageNet} classification},
	url = {http://arxiv.org/abs/1911.04252},
	doi = {10.48550/arXiv.1911.04252},
	urldate = {2024-11-06},
	publisher = {arXiv},
	author = {Xie, Qizhe and Luong, Minh-Thang and Hovy, Eduard and Le, Quoc V.},
	month = jun,
	year = {2020},
	note = {arXiv:1911.04252},
	keywords = {Computer Science - Computer Vision and Pattern Recognition, Computer Science - Machine Learning, Statistics - Machine Learning},
	file = {Preprint PDF:/Users/pranavtyagi/Zotero/storage/JLKFDX9P/Xie et al. - 2020 - Self-training with Noisy Student improves ImageNet classification.pdf:application/pdf;Snapshot:/Users/pranavtyagi/Zotero/storage/YMN2LWGE/1911.html:text/html},
}


@inproceedings{gera_zero-shot_2022,
	address = {Abu Dhabi, United Arab Emirates},
	title = {Zero-{Shot} {Text} {Classification} with {Self}-{Training}},
	url = {https://aclanthology.org/2022.emnlp-main.73/},
	doi = {10.18653/v1/2022.emnlp-main.73},
	urldate = {2025-01-03},
	booktitle = {Proceedings of the 2022 {Conference} on {Empirical} {Methods} in {Natural} {Language} {Processing}},
	publisher = {Association for Computational Linguistics},
	author = {Gera, Ariel and Halfon, Alon and Shnarch, Eyal and Perlitz, Yotam and Ein-Dor, Liat and Slonim, Noam},
	editor = {Goldberg, Yoav and Kozareva, Zornitsa and Zhang, Yue},
	month = dec,
	year = {2022},
	pages = {1107--1119},
	file = {Full Text PDF:/Users/pranavtyagi/Zotero/storage/TADTS3XG/Gera et al. - 2022 - Zero-Shot Text Classification with Self-Training.pdf:application/pdf},
}



@misc{zeng_weakly_2022,
	title = {Weakly {Supervised} {Text} {Classification} using {Supervision} {Signals} from a {Language} {Model}},
	url = {http://arxiv.org/abs/2205.06604},
	doi = {10.48550/arXiv.2205.06604},
	urldate = {2024-11-06},
	publisher = {arXiv},
	author = {Zeng, Ziqian and Ni, Weimin and Fang, Tianqing and Li, Xiang and Zhao, Xinran and Song, Yangqiu},
	month = may,
	year = {2022},
	note = {arXiv:2205.06604},
	keywords = {Computer Science - Computation and Language},
	file = {Preprint PDF:/Users/pranavtyagi/Zotero/storage/QZRM22XM/Zeng et al. - 2022 - Weakly Supervised Text Classification using Supervision Signals from a Language Model.pdf:application/pdf;Snapshot:/Users/pranavtyagi/Zotero/storage/NPFSQXXX/2205.html:text/html},
}


@inproceedings{hu_weakly_2019,
	title = {Weakly {Supervised} {Image} {Classification} {Through} {Noise} {Regularization}},
	url = {https://ieeexplore.ieee.org/document/8954157},
	doi = {10.1109/CVPR.2019.01178},
        urldate = {2024-11-06},
	booktitle = {2019 {IEEE}/{CVF} {Conference} on {Computer} {Vision} and {Pattern} {Recognition} ({CVPR})},
	author = {Hu, Mengying and Han, Hu and Shan, Shiguang and Chen, Xilin},
	month = jun,
	year = {2019},
	note = {ISSN: 2575-7075},
	keywords = {Categorization, Recognition: Detection, Retrieval, Statistical Learning},
	pages = {11509--11517},
	file = {Full Text PDF:/Users/pranavtyagi/Zotero/storage/BFDT4KPY/Hu et al. - 2019 - Weakly Supervised Image Classification Through Noise Regularization.pdf:application/pdf},
}


@article{chen_multiple_2022,
	title = {Multiple weak supervision for short text classification},
	volume = {52},
	issn = {1573-7497},
	url = {https://doi.org/10.1007/s10489-021-02958-3},
	doi = {10.1007/s10489-021-02958-3},
	language = {en},
	number = {8},
	urldate = {2024-11-06},
	journal = {Applied Intelligence},
	author = {Chen, Li-Ming and Xiu, Bao-Xin and Ding, Zhao-Yun},
	month = jun,
	year = {2022},
	keywords = {Artificial Intelligence, Distant supervision clustering, Imbalanced classification, Multiple weak supervision, Probabilistic labels, Short text classification},
	pages = {9101--9116},
	file = {Full Text PDF:/Users/pranavtyagi/Zotero/storage/LK3F3R47/Chen et al. - 2022 - Multiple weak supervision for short text classification.pdf:application/pdf},
}


@inproceedings{mahajan_exploring_2018,
	title = {Exploring the {Limits} of {Weakly} {Supervised} {Pretraining}},
	url = {https://openaccess.thecvf.com/content_ECCV_2018/html/Dhruv_Mahajan_Exploring_the_Limits_ECCV_2018_paper.html},
	urldate = {2024-11-06},
	author = {Mahajan, Dhruv and Girshick, Ross and Ramanathan, Vignesh and He, Kaiming and Paluri, Manohar and Li, Yixuan and Bharambe, Ashwin and van der Maaten, Laurens},
	year = {2018},
	pages = {181--196},
	file = {Full Text PDF:/Users/pranavtyagi/Zotero/storage/RQQDKGIQ/Mahajan et al. - 2018 - Exploring the Limits of Weakly Supervised Pretraining.pdf:application/pdf},
}

@misc{he2021debertadecodingenhancedbertdisentangled,
      title={DeBERTa: Decoding-enhanced BERT with Disentangled Attention}, 
      author={Pengcheng He and Xiaodong Liu and Jianfeng Gao and Weizhu Chen},
      year={2021},
      eprint={2006.03654},
      archivePrefix={arXiv},
      primaryClass={cs.CL},
      url={https://arxiv.org/abs/2006.03654}, 
}

@misc{lewis2019bartdenoisingsequencetosequencepretraining,
      title={BART: Denoising Sequence-to-Sequence Pre-training for Natural Language Generation, Translation, and Comprehension}, 
      author={Mike Lewis and Yinhan Liu and Naman Goyal and Marjan Ghazvininejad and Abdelrahman Mohamed and Omer Levy and Ves Stoyanov and Luke Zettlemoyer},
      year={2019},
      eprint={1910.13461},
      archivePrefix={arXiv},
      primaryClass={cs.CL},
      url={https://arxiv.org/abs/1910.13461}, 
}

@unknown{openimages,
author = {Krasin, Ivan and Duerig, Tom and Alldrin, Neil and Veit, Andreas and Abu-El-Haija, Sami and Belongie, Serge and Cai, David and Feng, Zheyun and Ferrari, Vittorio and Gomes, Victor},
year = {2016},
month = {01},
pages = {},
title = {OpenImages: A public dataset for large-scale multi-label and multi-class image classification.}
}

@misc{lin2015microsoftcococommonobjects,
      title={Microsoft COCO: Common Objects in Context}, 
      author={Tsung-Yi Lin and Michael Maire and Serge Belongie and Lubomir Bourdev and Ross Girshick and James Hays and Pietro Perona and Deva Ramanan and C. Lawrence Zitnick and Piotr Dollár},
      year={2015},
      eprint={1405.0312},
      archivePrefix={arXiv},
      primaryClass={cs.CV},
      url={https://arxiv.org/abs/1405.0312}, 
}

@INPROCEEDINGS{7298885,
  author={Tong Xiao and Tian Xia and Yi Yang and Chang Huang and Xiaogang Wang},
  booktitle={2015 IEEE Conference on Computer Vision and Pattern Recognition (CVPR)}, 
  title={Learning from massive noisy labeled data for image classification}, 
  year={2015},
  volume={},
  number={},
  pages={2691-2699},
  keywords={Noise},
  doi={10.1109/CVPR.2015.7298885}}

@misc{hendrycks2021naturaladversarialexamples,
      title={Natural Adversarial Examples}, 
      author={Dan Hendrycks and Kevin Zhao and Steven Basart and Jacob Steinhardt and Dawn Song},
      year={2021},
      eprint={1907.07174},
      archivePrefix={arXiv},
      primaryClass={cs.LG},
      url={https://arxiv.org/abs/1907.07174}, 
}

@misc{hendrycks2019benchmarkingneuralnetworkrobustness,
      title={Benchmarking Neural Network Robustness to Common Corruptions and Perturbations}, 
      author={Dan Hendrycks and Thomas Dietterich},
      year={2019},
      eprint={1903.12261},
      archivePrefix={arXiv},
      primaryClass={cs.LG},
      url={https://arxiv.org/abs/1903.12261}, 
}

@INPROCEEDINGS{5206848,
  author={Deng, Jia and Dong, Wei and Socher, Richard and Li, Li-Jia and Kai Li and Li Fei-Fei},
  booktitle={2009 IEEE Conference on Computer Vision and Pattern Recognition}, 
  title={ImageNet: A large-scale hierarchical image database}, 
  year={2009},
  volume={},
  number={},
  pages={248-255},
  keywords={Large-scale systems;Image databases;Explosions;Internet;Robustness;Information retrieval;Image retrieval;Multimedia databases;Ontologies;Spine},
  doi={10.1109/CVPR.2009.5206848}}

@misc{dosovitskiy2021imageworth16x16words,
      title={An Image is Worth 16x16 Words: Transformers for Image Recognition at Scale}, 
      author={Alexey Dosovitskiy and Lucas Beyer and Alexander Kolesnikov and Dirk Weissenborn and Xiaohua Zhai and Thomas Unterthiner and Mostafa Dehghani and Matthias Minderer and Georg Heigold and Sylvain Gelly and Jakob Uszkoreit and Neil Houlsby},
      year={2021},
      eprint={2010.11929},
      archivePrefix={arXiv},
      primaryClass={cs.CV},
      url={https://arxiv.org/abs/2010.11929}, 
}

@misc{li2019visualbertsimpleperformantbaseline,
      title={VisualBERT: A Simple and Performant Baseline for Vision and Language}, 
      author={Liunian Harold Li and Mark Yatskar and Da Yin and Cho-Jui Hsieh and Kai-Wei Chang},
      year={2019},
      eprint={1908.03557},
      archivePrefix={arXiv},
      primaryClass={cs.CV},
      url={https://arxiv.org/abs/1908.03557}, 
}

@misc{radford2021learningtransferablevisualmodels,
      title={Learning Transferable Visual Models From Natural Language Supervision}, 
      author={Alec Radford and Jong Wook Kim and Chris Hallacy and Aditya Ramesh and Gabriel Goh and Sandhini Agarwal and Girish Sastry and Amanda Askell and Pamela Mishkin and Jack Clark and Gretchen Krueger and Ilya Sutskever},
      year={2021},
      eprint={2103.00020},
      archivePrefix={arXiv},
      primaryClass={cs.CV},
      url={https://arxiv.org/abs/2103.00020}, 
}

@misc{tan2019lxmertlearningcrossmodalityencoder,
      title={LXMERT: Learning Cross-Modality Encoder Representations from Transformers}, 
      author={Hao Tan and Mohit Bansal},
      year={2019},
      eprint={1908.07490},
      archivePrefix={arXiv},
      primaryClass={cs.CL},
      url={https://arxiv.org/abs/1908.07490}, 
}


@misc{song_learning_2022,
	title = {Learning from {Noisy} {Labels} with {Deep} {Neural} {Networks}: {A} {Survey}},
	shorttitle = {Learning from {Noisy} {Labels} with {Deep} {Neural} {Networks}},
	url = {http://arxiv.org/abs/2007.08199},
	doi = {10.48550/arXiv.2007.08199},
	urldate = {2024-11-06},
	publisher = {arXiv},
	author = {Song, Hwanjun and Kim, Minseok and Park, Dongmin and Shin, Yooju and Lee, Jae-Gil},
	month = mar,
	year = {2022},
	note = {arXiv:2007.08199},
	keywords = {Computer Science - Computer Vision and Pattern Recognition, Computer Science - Machine Learning, Statistics - Machine Learning},
	file = {Preprint PDF:/Users/pranavtyagi/Zotero/storage/BW4JMKM2/Song et al. - 2022 - Learning from Noisy Labels with Deep Neural Networks A Survey.pdf:application/pdf;Snapshot:/Users/pranavtyagi/Zotero/storage/WZQ4WDFA/2007.html:text/html},
}



@article{pawlowski_effective_2023,
	title = {Effective {Techniques} for {Multimodal} {Data} {Fusion}: {A} {Comparative} {Analysis}},
	volume = {23},
	copyright = {http://creativecommons.org/licenses/by/3.0/},
	issn = {1424-8220},
	shorttitle = {Effective {Techniques} for {Multimodal} {Data} {Fusion}},
	url = {https://www.mdpi.com/1424-8220/23/5/2381},
	doi = {10.3390/s23052381},
	language = {en},
	number = {5},
	urldate = {2025-01-18},
	journal = {Sensors},
	author = {Pawłowski, Maciej and Wróblewska, Anna and Sysko-Romańczuk, Sylwia},
	month = jan,
	year = {2023},
	note = {Number: 5
Publisher: Multidisciplinary Digital Publishing Institute},
	keywords = {comparative analysis, data fusion, deep learning in sensor systems, multimodal learning, multimodal representation, neural networks},
	pages = {2381},
	file = {Full Text PDF:/Users/pranavtyagi/Zotero/storage/E89DQZAB/Pawłowski et al. - 2023 - Effective Techniques for Multimodal Data Fusion A Comparative Analysis.pdf:application/pdf},
}


@misc{li_multimodal_2024,
	title = {Multimodal {Alignment} and {Fusion}: {A} {Survey}},
	shorttitle = {Multimodal {Alignment} and {Fusion}},
	url = {http://arxiv.org/abs/2411.17040},
	doi = {10.48550/arXiv.2411.17040},
	urldate = {2025-01-18},
	publisher = {arXiv},
	author = {Li, Songtao and Tang, Hao},
	month = nov,
	year = {2024},
	note = {arXiv:2411.17040 [cs]},
	keywords = {Computer Science - Computer Vision and Pattern Recognition},
	annote = {Comment: 210+ references},
	file = {Preprint PDF:/Users/pranavtyagi/Zotero/storage/JB46Y3SM/Li and Tang - 2024 - Multimodal Alignment and Fusion A Survey.pdf:application/pdf;Snapshot:/Users/pranavtyagi/Zotero/storage/F6GBSTBF/2411.html:text/html},
}


@misc{sanh2020distilbertdistilledversionbert,
      title={DistilBERT, a distilled version of BERT: smaller, faster, cheaper and lighter}, 
      author={Victor Sanh and Lysandre Debut and Julien Chaumond and Thomas Wolf},
      year={2020},
      eprint={1910.01108},
      archivePrefix={arXiv},
      primaryClass={cs.CL},
      url={https://arxiv.org/abs/1910.01108}, 
}


@misc{raffel2023exploringlimitstransferlearning,
      title={Exploring the Limits of Transfer Learning with a Unified Text-to-Text Transformer}, 
      author={Colin Raffel and Noam Shazeer and Adam Roberts and Katherine Lee and Sharan Narang and Michael Matena and Yanqi Zhou and Wei Li and Peter J. Liu},
      year={2023},
      eprint={1910.10683},
      archivePrefix={arXiv},
      primaryClass={cs.LG},
      url={https://arxiv.org/abs/1910.10683}, 
}

@misc{antypas2023supertweetevalchallengingunifiedheterogeneous,
      title={SuperTweetEval: A Challenging, Unified and Heterogeneous Benchmark for Social Media NLP Research}, 
      author={Dimosthenis Antypas and Asahi Ushio and Francesco Barbieri and Leonardo Neves and Kiamehr Rezaee and Luis Espinosa-Anke and Jiaxin Pei and Jose Camacho-Collados},
      year={2023},
      eprint={2310.14757},
      archivePrefix={arXiv},
      primaryClass={cs.CL},
      url={https://arxiv.org/abs/2310.14757}, 
}

@ARTICLE{6940284,
  author={Sariyanidi, Evangelos and Gunes, Hatice and Cavallaro, Andrea},
  journal={IEEE Transactions on Pattern Analysis and Machine Intelligence}, 
  title={Automatic Analysis of Facial Affect: A Survey of Registration, Representation, and Recognition}, 
  year={2015},
  volume={37},
  number={6},
  pages={1113-1133},
  keywords={Face;Histograms;Face recognition;Shape;Lighting;Training;Emotion recognition;Affect Sensing and Analysis;Facial Expressions;Facial Representations;Registration;Survey;Affect sensing and analysis;facial expressions;facial representations;registration;survey},
  doi={10.1109/TPAMI.2014.2366127}}


@inproceedings{10.1145/3240508.3240574,
author = {Zhang, Feifei and Zhang, Tianzhu and Mao, Qirong and Duan, Lingyu and Xu, Changsheng},
title = {Facial Expression Recognition in the Wild: A Cycle-Consistent Adversarial Attention Transfer Approach},
year = {2018},
isbn = {9781450356657},
publisher = {Association for Computing Machinery},
address = {New York, NY, USA},
url = {https://doi.org/10.1145/3240508.3240574},
doi = {10.1145/3240508.3240574},
booktitle = {Proceedings of the 26th ACM International Conference on Multimedia},
pages = {126–135},
numpages = {10},
keywords = {attention transfer, domain adaptation, emotional cue extraction, facial expression recognition, generative adversarial networks},
location = {Seoul, Republic of Korea},
series = {MM '18}
}

@article{Lowe2004DistinctiveIF,
  title={Distinctive Image Features from Scale-Invariant Keypoints},
  author={David G. Lowe},
  journal={International Journal of Computer Vision},
  year={2004},
  volume={60},
  pages={91-110},
  url={https://api.semanticscholar.org/CorpusID:174065}
}

@INPROCEEDINGS{1467360,
  author={Dalal, N. and Triggs, B.},
  booktitle={2005 IEEE Computer Society Conference on Computer Vision and Pattern Recognition (CVPR'05)}, 
  title={Histograms of oriented gradients for human detection}, 
  year={2005},
  volume={1},
  number={},
  pages={886-893 vol. 1},
  keywords={Histograms;Humans;Robustness;Object recognition;Support vector machines;Object detection;Testing;Image edge detection;High performance computing;Image databases},
  doi={10.1109/CVPR.2005.177}}


@article{lecun_deep_2015,
	title = {Deep learning},
	volume = {521},
	issn = {1476-4687},
	url = {https://doi.org/10.1038/nature14539},
	doi = {10.1038/nature14539},
	number = {7553},
	journal = {Nature},
	author = {LeCun, Yann and Bengio, Yoshua and Hinton, Geoffrey},
	month = may,
	year = {2015},
	pages = {436--444},
}

@misc{simonyan2015deepconvolutionalnetworkslargescale,
      title={Very Deep Convolutional Networks for Large-Scale Image Recognition}, 
      author={Karen Simonyan and Andrew Zisserman},
      year={2015},
      eprint={1409.1556},
      archivePrefix={arXiv},
      primaryClass={cs.CV},
      url={https://arxiv.org/abs/1409.1556}, 
}

@misc{szegedy2015rethinkinginceptionarchitecturecomputer,
      title={Rethinking the Inception Architecture for Computer Vision}, 
      author={Christian Szegedy and Vincent Vanhoucke and Sergey Ioffe and Jonathon Shlens and Zbigniew Wojna},
      year={2015},
      eprint={1512.00567},
      archivePrefix={arXiv},
      primaryClass={cs.CV},
      url={https://arxiv.org/abs/1512.00567}, 
}

@misc{he2015deepresiduallearningimage,
      title={Deep Residual Learning for Image Recognition}, 
      author={Kaiming He and Xiangyu Zhang and Shaoqing Ren and Jian Sun},
      year={2015},
      eprint={1512.03385},
      archivePrefix={arXiv},
      primaryClass={cs.CV},
      url={https://arxiv.org/abs/1512.03385}, 
}

@misc{yosinski2014transferablefeaturesdeepneural,
      title={How transferable are features in deep neural networks?}, 
      author={Jason Yosinski and Jeff Clune and Yoshua Bengio and Hod Lipson},
      year={2014},
      eprint={1411.1792},
      archivePrefix={arXiv},
      primaryClass={cs.LG},
      url={https://arxiv.org/abs/1411.1792}, 
}

@misc{liu2021swintransformerhierarchicalvision,
      title={Swin Transformer: Hierarchical Vision Transformer using Shifted Windows}, 
      author={Ze Liu and Yutong Lin and Yue Cao and Han Hu and Yixuan Wei and Zheng Zhang and Stephen Lin and Baining Guo},
      year={2021},
      eprint={2103.14030},
      archivePrefix={arXiv},
      primaryClass={cs.CV},
}


@article{limami_contextual_2024,
	title = {Contextual emotion detection in images using deep learning},
	volume = {7},
	issn = {2624-8212},
	url = {https://www.frontiersin.org/journals/artificial-intelligence/articles/10.3389/frai.2024.1386753/full},
	doi = {10.3389/frai.2024.1386753},
	language = {English},
	urldate = {2024-11-06},
	journal = {Frontiers in Artificial Intelligence},
	author = {Limami, Fatiha and Hdioud, Boutaina and Oulad Haj Thami, Rachid},
	month = jun,
	year = {2024},
	note = {Publisher: Frontiers},
	keywords = {body language, Computer Vision, Contextual recognition, EMOTIC, emotion recognition, Human-robot communication},
	file = {Full Text PDF:/Users/pranavtyagi/Zotero/storage/A5AGGWED/Limami et al. - 2024 - Contextual emotion detection in images using deep learning.pdf:application/pdf},
}



@inproceedings{al-halah2020,
  title={Smile, Be Happy :) Emoji Embedding for Visual Sentiment Analysis},
  author={Ziad Al-Halah and Andrew Aitken and Wenzhe Shi and Jose Caballero},
  booktitle = {IEEE International Conference on Computer Vision Workshops},
  arxivId = {1907.06160},
  year={2019}
}



@article{cheng_eeg-based_2024,
	title = {{EEG}-based emotion recognition using multi-scale dynamic {CNN} and gated transformer},
	volume = {14},
	copyright = {2024 The Author(s)},
	issn = {2045-2322},
	url = {https://www.nature.com/articles/s41598-024-82705-z},
	doi = {10.1038/s41598-024-82705-z},
	language = {en},
	number = {1},
	urldate = {2025-01-19},
	journal = {Scientific Reports},
	author = {Cheng, Zhuoling and Bu, Xuekui and Wang, Qingnan and Yang, Tao and Tu, Jihui},
	month = dec,
	year = {2024},
	note = {Publisher: Nature Publishing Group},
	keywords = {Computational biology and bioinformatics, Medical research},
	pages = {31319},
	file = {Full Text PDF:/Users/pranavtyagi/Zotero/storage/9EGDPJ3J/Cheng et al. - 2024 - EEG-based emotion recognition using multi-scale dynamic CNN and gated transformer.pdf:application/pdf},
}


@inproceedings{soni_vision_2024,
	address = {Cham},
	title = {Vision {Transformer}-{Based} {Emotion} {Detection} in {HCI} for {Enhanced} {Interaction}},
	isbn = {978-3-031-53827-8},
	booktitle = {Intelligent {Human} {Computer} {Interaction}},
	publisher = {Springer Nature Switzerland},
	author = {Soni, Jayesh and Prabakar, Nagarajan and Upadhyay, Himanshu},
	editor = {Choi, Bong Jun and Singh, Dhananjay and Tiwary, Uma Shanker and Chung, Wan-Young},
	year = {2024},
	pages = {76--86},
}


@inproceedings{nguyen-etal-2020-bertweet,
    title = "{BERT}weet: A pre-trained language model for {E}nglish Tweets",
    author = "Nguyen, Dat Quoc  and
      Vu, Thanh  and
      Tuan Nguyen, Anh",
    editor = "Liu, Qun  and
      Schlangen, David",
    booktitle = "Proceedings of the 2020 Conference on Empirical Methods in Natural Language Processing: System Demonstrations",
    month = oct,
    year = "2020",
    address = "Online",
    publisher = "Association for Computational Linguistics",
    url = "https://aclanthology.org/2020.emnlp-demos.2/",
    doi = "10.18653/v1/2020.emnlp-demos.2",
    pages = "9--14"
}


@article{deng_mual_2024,
	title = {Mual: enhancing multimodal sentiment analysis with cross-modal attention and difference loss},
	volume = {13},
	issn = {2192-662X},
	url = {https://doi.org/10.1007/s13735-024-00340-w},
	doi = {10.1007/s13735-024-00340-w},
	number = {3},
	journal = {International Journal of Multimedia Information Retrieval},
	author = {Deng, Yang and Li, Yonghong and Xian, Sidong and Li, Laquan and Qiu, Haiyang},
	month = jul,
	year = {2024},
	pages = {31},
}


@article{lian_survey_2023,
	title = {A {Survey} of {Deep} {Learning}-{Based} {Multimodal} {Emotion} {Recognition}: {Speech}, {Text}, and {Face}},
	volume = {25},
	issn = {1099-4300},
	url = {https://www.mdpi.com/1099-4300/25/10/1440},
	doi = {10.3390/e25101440},
	number = {10},
	journal = {Entropy},
	author = {Lian, Hailun and Lu, Cheng and Li, Sunan and Zhao, Yan and Tang, Chuangao and Zong, Yuan},
	year = {2023},
}

@article{ekman1992there,
  title={Are there basic emotions?},
  author={Ekman, Paul},
  year={1992},
  publisher={American Psychological Association}
}

@ARTICLE{8269806,
  author={Baltrušaitis, Tadas and Ahuja, Chaitanya and Morency, Louis-Philippe},
  journal={IEEE Transactions on Pattern Analysis and Machine Intelligence}, 
  title={Multimodal Machine Learning: A Survey and Taxonomy}, 
  year={2019},
  volume={41},
  number={2},
  pages={423-443},
  keywords={Speech recognition;Visualization;Media;Speech;Multimedia communication;Streaming media;Hidden Markov models;Multimodal;machine learning;introductory;survey},
  doi={10.1109/TPAMI.2018.2798607}}

@misc{li2021alignfusevisionlanguage,
      title={Align before Fuse: Vision and Language Representation Learning with Momentum Distillation}, 
      author={Junnan Li and Ramprasaath R. Selvaraju and Akhilesh Deepak Gotmare and Shafiq Joty and Caiming Xiong and Steven Hoi},
      year={2021},
      eprint={2107.07651},
      archivePrefix={arXiv},
      primaryClass={cs.CV},
      url={https://arxiv.org/abs/2107.07651}, 
}

@misc{li2022blipbootstrappinglanguageimagepretraining,
      title={BLIP: Bootstrapping Language-Image Pre-training for Unified Vision-Language Understanding and Generation}, 
      author={Junnan Li and Dongxu Li and Caiming Xiong and Steven Hoi},
      year={2022},
      eprint={2201.12086},
      archivePrefix={arXiv},
      primaryClass={cs.CV},
      url={https://arxiv.org/abs/2201.12086}, 
}


@article{poria_review_2017,
	title = {A review of affective computing: {From} unimodal analysis to multimodal fusion},
	volume = {37},
	issn = {1566-2535},
	url = {https://www.sciencedirect.com/science/article/pii/S1566253517300738},
	doi = {https://doi.org/10.1016/j.inffus.2017.02.003},
	journal = {Information Fusion},
	author = {Poria, Soujanya and Cambria, Erik and Bajpai, Rajiv and Hussain, Amir},
	year = {2017},
	keywords = {Affective computing, Audio, Multimodal affect analysis, Multimodal fusion, Sentiment analysis, visual and text information fusion},
	pages = {98--125},
}


@article{DBLP:journals/corr/abs-1911-02116,
  author    = {Alexis Conneau and
               Kartikay Khandelwal and
               Naman Goyal and
               Vishrav Chaudhary and
               Guillaume Wenzek and
               Francisco Guzm{\'{a}}n and
               Edouard Grave and
               Myle Ott and
               Luke Zettlemoyer and
               Veselin Stoyanov},
  title     = {Unsupervised Cross-lingual Representation Learning at Scale},
  journal   = {CoRR},
  volume    = {abs/1911.02116},
  year      = {2019},
  url       = {http://arxiv.org/abs/1911.02116},
  eprinttype = {arXiv},
  eprint    = {1911.02116},
  timestamp = {Mon, 11 Nov 2019 18:38:09 +0100},
  biburl    = {https://dblp.org/rec/journals/corr/abs-1911-02116.bib},
  bibsource = {dblp computer science bibliography, https://dblp.org}
}

@inproceedings{prasse2023towards,
  title={Towards Understanding Climate Change Perceptions: A Social Media Dataset},
  author={Prasse, Katharina and Jung, Steffen and Bravo, Isaac B and Walter, Stefanie and Keuper, Margret},
  booktitle={NeurIPS 2023 Workshop on Tackling Climate Change with Machine Learning},
  url={https://www.climatechange.ai/papers/neurips2023/3},
  year={2023}
}

@article{laurer_less_2022,
    title = {Less {Annotating}, {More} {Classifying} – {Addressing} the {Data} {Scarcity} {Issue} of {Supervised} {Machine} {Learning} with {Deep} {Transfer} {Learning} and {BERT} - {NLI}},
    url = {https://osf.io/74b8k},
    language = {en-us},
    urldate = {2022-07-28},
    journal = {Preprint},
    author = {Laurer, Moritz and Atteveldt, Wouter van and Casas, Andreu Salleras and Welbers, Kasper},
    month = jun,
    year = {2022},
    note = {Publisher: Open Science Framework},
}

@misc{laurer_building_2023,
    title = {Building {Efficient} {Universal} {Classifiers} with {Natural} {Language} {Inference}},
    url = {http://arxiv.org/abs/2312.17543},
    doi = {10.48550/arXiv.2312.17543},
    abstract = {Generative Large Language Models (LLMs) have become the mainstream choice for fewshot and zeroshot learning thanks to the universality of text generation. Many users, however, do not need the broad capabilities of generative LLMs when they only want to automate a classification task. Smaller BERT-like models can also learn universal tasks, which allow them to do any text classification task without requiring fine-tuning (zeroshot classification) or to learn new tasks with only a few examples (fewshot), while being significantly more efficient than generative LLMs. This paper (1) explains how Natural Language Inference (NLI) can be used as a universal classification task that follows similar principles as instruction fine-tuning of generative LLMs, (2) provides a step-by-step guide with reusable Jupyter notebooks for building a universal classifier, and (3) shares the resulting universal classifier that is trained on 33 datasets with 389 diverse classes. Parts of the code we share has been used to train our older zeroshot classifiers that have been downloaded more than 55 million times via the Hugging Face Hub as of December 2023. Our new classifier improves zeroshot performance by 9.4\%.},
    urldate = {2024-01-05},
    publisher = {arXiv},
    author = {Laurer, Moritz and van Atteveldt, Wouter and Casas, Andreu and Welbers, Kasper},
    month = dec,
    year = {2023},
    note = {arXiv:2312.17543 [cs]},
    keywords = {Computer Science - Artificial Intelligence, Computer Science - Computation and Language},
}

@article{DBLP:journals/corr/abs-1909-00161,
  author       = {Wenpeng Yin and
                  Jamaal Hay and
                  Dan Roth},
  title        = {Benchmarking Zero-shot Text Classification: Datasets, Evaluation and
                  Entailment Approach},
  journal      = {CoRR},
  volume       = {abs/1909.00161},
  year         = {2019},
  url          = {http://arxiv.org/abs/1909.00161},
  eprinttype    = {arXiv},
  eprint       = {1909.00161},
  timestamp    = {Mon, 16 Sep 2019 17:27:14 +0200},
  biburl       = {https://dblp.org/rec/journals/corr/abs-1909-00161.bib},
  bibsource    = {dblp computer science bibliography, https://dblp.org}
}

@article{DBLP:journals/corr/ZhangZL15,
  author       = {Xiang Zhang and
                  Junbo Jake Zhao and
                  Yann LeCun},
  title        = {Character-level Convolutional Networks for Text Classification},
  journal      = {CoRR},
  volume       = {abs/1509.01626},
  year         = {2015},
  url          = {http://arxiv.org/abs/1509.01626},
  eprinttype    = {arXiv},
  eprint       = {1509.01626},
  timestamp    = {Fri, 13 Mar 2020 16:29:43 +0100},
  biburl       = {https://dblp.org/rec/journals/corr/ZhangZL15.bib},
  bibsource    = {dblp computer science bibliography, https://dblp.org}
}

@article{Shao2015UniversalityVC,
  title={Universality Versus Cultural Specificity of Three Emotion Domains},
  author={Bo Shao and Lorna Doucet and David R. Caruso},
  journal={Journal of Cross-Cultural Psychology},
  year={2015},
  volume={46},
  pages={229 - 251},
  url={https://api.semanticscholar.org/CorpusID:145686847}
}


@article{mooseder_social_2023,
	title = {({Social}) {Media} {Logics} and {Visualizing} {Climate} {Change}: 10 {Years} of \#climatechange {Images} on {Twitter}},
	volume = {9},
	url = {https://doi.org/10.1177/20563051231164310},
	doi = {10.1177/20563051231164310},
	number = {1},
	journal = {Social Media + Society},
	author = {Mooseder, Angelina and Brantner, Cornelia and Zamith, Rodrigo and Pfeffer, Jürgen},
	year = {2023},
	note = {\_eprint: https://doi.org/10.1177/20563051231164310},
	pages = {20563051231164310},
}


@ARTICLE{9920172,
  author={Zhu, Tong and Li, Leida and Yang, Jufeng and Zhao, Sicheng and Xiao, Xiao},
  journal={IEEE Transactions on Multimedia}, 
  title={Multimodal Emotion Classification With Multi-Level Semantic Reasoning Network}, 
  year={2023},
  volume={25},
  number={},
  pages={6868-6880},
  keywords={Semantics;Sentiment analysis;Visualization;Cognition;Feature extraction;Task analysis;Social networking (online);Multimodal emotion classification;Graph attention module;Semantic reasoning},
  doi={10.1109/TMM.2022.3214989}}

@misc{papluca_xlm_roberta_base_language_detection,
  author = {papluca},
  title = {xlm-roberta-base-language-detection},
  year = {2022},
  howpublished = {\url{https://huggingface.co/papluca/xlm-roberta-base-language-detection}},
}
